@incollection{frisk2015,
	Author = {Frisk, H.},
	Booktitle = {Acts of Creation: Thoughts on artistic research supervision},
	Editor = {H. Frisk and K. Johansson and {\AA}. Lindberg-Sand},
	Publisher = {Symposion},
	Title = {Thinking in Practice},
	Year = 2015
}

@article{frisk09:improv,
	Author = {Frisk, H. ö},
	Journal = {International Magazine for Music New Sound},
	Title = {Improvisation, Computers, and Primary Process: Why improvise with computers?},
	Year = 2009
}

@Book{Barthes1980,
  author =	 {Barthes, R.},
  title =	 {Camera Lucida: reflections on photography},
  publisher =	 {Hill and Wang},
  year =	 1980
}

@book{Bergson1912,
  title =	 {An introduction to metaphysics},
  author =	 {Bergson, H.},
  year =	 1912,
  publisher =	 {G. P. Putnam's Son: New York}
}

@book{monson96,
	Author = {Monson, Ingrid T.},
	Publisher = {University of Chicago Press},
	Series = {{Chicago Studies in Ethnomusicology}},
	Shorttitle = {Saying Something},
	Title = {Saying Something : Jazz Improvisation and Interaction},
	Year = 1996
}

@article{Frisk2020,
  title =	 {Aesthetics, Interaction and Machine Improvisation},
  volume =	 25,
  DOI =		 {10.1017/S135577181900044X},
  number =	 1,
  journal =	 {Organised Sound},
  publisher =	 {Cambridge University Press},
  author =	 {Frisk, H.},
  year =	 2020,
  pages =	 {33–40}
}

                  @book{Sontag1986,
                  	title = {Against Interpretation: And Other Essays},
                  	author = {Sontag, S.},
                  	year = 1986,
                  	publisher = {Octagon Books}
                  }

                  @book{bergson91,
                  	Author = {Bergson, H.},
                  	Note = MIT,
                  	Publisher = {Zone Books, NY},
                  	Title = {Matter and Memory},
                  	Year = 1991
                  }

                  @book{biggs10,
                  	Booktitle = {The Routledge Companion to Research in the Arts},
                  	Editor = {Biggs, M. and Karlsson, H.},
                  	Publisher = {Routledge},
                  	Title = {The Routledge Companion to Research in the Arts},
                  	Year = 2010
                  }

                  @book{borgdorff2012,
                  	Author = {Borgdorff, H.},
                  	Publisher = {Leiden : Leiden University Press, 2012},
                  	Title = {The conflict of the faculties : perspectives on artistic research and academia},
                  	Year = {2012}
                  }

                  @misc{dorsen2010,
                    title =	 {Hello Hi There},
                    url =		 {http://www.anniedorsen.com/showproject.php?id=6},
                    journal =	 {Hello Hi There},
                    author =	 {Dorsen, A},
                    year =	 2010,
                    howpublished = {Online},
                    note =	 {Visited on Oct. 10 2020},
                    keywords =	 {GI}
                  }

                  @article{frisk-ost13,
                  	Author = {Frisk, H. and \"{O}stersj\"{o}, S.},
                  	Journal = {Swedish Journal of Music Research},
                  	Pages = {41-63},
                  	Title = {Beyond Validity: claiming the legacy of the
                  artist-researcher},
                  	Volume = 2013,
                  	Year = 2013
                  }

                  @phdthesis{frisk08phd,
                  	Author = {Frisk, H.},
                  	Issn = {1653-8617},
                  	Publisher = {Lund University Press},
                  	School = {Malm{\"o} Faculty of Fine and Performing Arts, Lund University},
                  	Title = {{Improvisation, Computers, and Interaction: Rethinking Human-Computer Interaction Through Music}},
                  	Year = 2008
                  }

                  @incollection{frisk2013,
                  	Author = {Frisk, H.},
                  	Booktitle = {(Re)Thinking Improvisation: artistic explorations and conceptual writing},
                  	Chapter = 5,
                  	Editor = {Frisk, H. and \"{O}stersj\"{o}, S.},
                  	Pages = {143-56},
                  	Publisher = {Lund University Press},
                  	Title = {The (un)necessary Self},
                  	Year = 2013
                  }

                  @InCollection{frisk2017e,
                  	author = {Frisk, H. and Elberling, A.},
                  	editor = {P. Guidici and P. de Assis},
                  	booktitle = {Aberrant nuptials: Deleuze and Artistic Research 2},
                  	title = {Machinic propositions: artistic practice and
                  deterritorialization},
                  	publisher = {Leuven University Press, Leuven},
                  	series = {Orpheus Institute Series},
                  	year = 2019
                  }

                  @InCollection{frisk_elberling_2019,
                  	author = {Frisk, H. AND Elberling, A.},
                  	title = {Machinic Propositions: Artistic Practice and
                  Deterritorialisation},
                  	booktitle = {INVESTIGAÇÃO EMARTES: A necessidade das ideias
                  artísticas},
                  	publisher = {},
                  	year = 2018,
                  	editor = {Quaresma, J. AND Rosa Dias, F.}
                  }

                  @book{friskostersjo2013,
                  	Editor = {Frisk, H. and \"{O}stersj\"{o}, S.},
                  	Publisher = {Lund University Press},
                  	Title = {(Re)Thinking Improvisation: artistic explorations and conceptual writing},
                  	Year = 2013
                  }

                  @book{harris1999,
                  	year = 1999,
                  	title = {Art and Innovation: The Xerox PARC
                  Artist-in-Residence Program},
                  	publisher = {The MIT Press, Cambridge MA},
                  	author = {Harris, C.}
                  }

                  @incollection{heidegger93,
                  	Author = {Heidegger, M.},
                  	Booktitle = {{Basic Writings}},
                  	Edition = 2,
                  	Editor = {Krell, Deavid F.},
                  	Indextitle = {Question Concerning Technology, The},
                  	Note = {Translation by D. F. Krell},
                  	Pages = {311--41},
                  	Publisher = {Harper San Francisco},
                  	Title = {{The Question Concerning Technology}},
                  	Year = {1954}
                  }

                  @incollection{kjorup10,
                  	Author = {Kj{\o}rup, S.},
                  	Booktitle = {The Routledge Companion to Research in the Arts},
                  	Chapter = 2,
                  	Editor = {Biggs, M. and Karlsson, H.},
                  	Pages = {24-43},
                  	Publisher = {Routledge},
                  	Title = {Pleading for plurality: artistic and other kinds of research},
                  	Year = 2010
                  }

                  @incollection{johnson2010,
                  	Author = {Johnson, M.},
                  	Booktitle = {The Routledge Companion to Research in the Arts},
                  	Chapter = 8,
                  	Editor = {Biggs, M. and Karlsson, H.},
                  	Pages = {141-151},
                  	Publisher = {Routledge},
                  	Title = {Embodied Knowing Through Art},
                  	Year = 2010
                  }

                  @Misc{snow2018,
                  	author = {Snow, J.},
                  	title = {Amazon's Face Recognition Falsely Matched 28 Members of Congress With Mugshots},
                  	howpublished = {Web resource},
                  	month = 7,
                  	year = 2018,
                  	note = {\url{https://www.aclu.org/blog/privacy-technology/surveillance-technologies/amazons-face-recognition-falsely-matched-28}},
                  	annote = {Visited on July 9, 2019}
                  }

                  @inbook{horwitz18,
                    DATE_ADDED =	 {Tue Oct 13 17:18:52 2020},
                    author =	 {Bojner Horwitz, E.},
                    booktitle =	 {Music and Public Health},
                    doi =		 {10.1007/978-3-319-76240-1_12},
                    pages =	 {187-199},
                    publisher =	 {Springer International Publishing},
                    series =	 {Music and Public Health},
                    title =	 {Humanizing the Working Environment in Health Care
                  Through Music and Movement},
                    year =	 {2018},
                  }

                  @article{viper20,
                    author =	 {Viper, M. and Thyr{\'e}n, D. and Bojner
                  Horwitz, E.},
                    title =	 {Music As Consolation-The Importance of Music At
                  Farewells and Mourning},
                    journal =	 {OMEGA - Journal of Death and Dying},
                    year =	 2020,
                    doi =		 {10.1177/0030222820942391},
                    url =		 {https://doi.org/10.1177/0030222820942391},
                    DATE_ADDED =	 {Tue Oct 13 17:23:32 2020},
                  }

                  @Book{juslin19,
                    author =	 {Juslin, P.},
                    title =	 {Musical emotions explained : unlocking the secrets
                  of musical affect},
                    year =	 2019,
                    publisher =	 {Oxford University Press},
                    address =	 {Oxford},
                    isbn =	 {019875342X},
                  }

                  @InProceedings{FriskOstersjo2020,
                    author =	 {Östersjö, S. AND Frisk, H. AND Hebert, D.},
                    title =	 {Musical Transformations: Networked Performance in
                  Intercultural Music Creation},
                    booktitle =	 {IS THE VIRTUAL REAL? Musical Communities in the 21st
                  Century PGVIS 2020},
                    year =	 2020,
                    publisher =	 {PGVIS}
                  }

@article{Coate2018,
  author =	 {Coate, M.},
  title =	 {'Nothing But Nonsense': a Kantian Account of
                  Ugliness1},
  journal =	 {The British Journal of Aesthetics},
  volume =	 58,
  number =	 1,
  pages =	 {51-70},
  year =	 2017,
  doi =		 {10.1093/aesthj/ayx032},
  url =		 {https://doi.org/10.1093/aesthj/ayx032},
  DATE_ADDED =	 {Sat Oct 17 18:46:50 2020},
}
