@string{icmc = {Proceedings of the International Computer Music Conference}}
@string{icma = {San Francisco, Calif.: Computer Music Assoc.}}
@string{ems = {Electroacoustic Music Studies}}

@Article{godoy2006,
  author       = {God{\o}y, R. I.},
  title	       = {Gestural-Sonorous Objects: embodied extensions of
                  Schaeffer's conceptual apparatus},
  year	       = 2006,
  volume       = 11,
  number       = 2,
  month	       = 8,
  pages	       = {149-157},
  journal      = {Organised Sound},
  publisher    = {Cambridge University Press (CUP)}
}

@inproceedings{Macover1989,
  author =	 "Machover, T.",
  title =	 "Hyperinstrument: Musically Intelligent and
                  Interactive Performance and Creativity Systems",
  booktitle =	 "Proceedings of 1989 ICMC",
  publisher =	 icmc,
  year =	 1989,
  pages =	 "186-190",
}

@inproceedings{Bowers2005,
  title =	 {Not hyper, not meta, not cyber but
                  infra-instruments},
  author =	 {Bowers, John and Archer, Phil},
  booktitle =	 {Proceedings of the 2005 conference on New interfaces
                  for musical expression},
  pages =	 {5--10},
  year =	 2005,
  organization = {Vancouver, Canada: University of British Columbia}
}

@Misc{grydeland2019-1,
  author =	 {Neumann, Andrea and Qvenild, Morten and Grydeland,
                  Ivar and Endresen, Sidsel},
  title =	 {Lab \#5, part 2},
  howpublished = {Online},
  month =	 2,
  year =	 2019,
  url =
                  {https://www.researchcatalogue.net/view/411228/431482},
  note =	 {Accessed on 15 august, 2019}
}

@book{cobussen2016,
  title =	 {Music and Ethics},
  author =	 {Cobussen, M. and Nielsen, N.},
  year =	 {2016},
  publisher =	 {Taylor \& Francis}
}

@book{Sandell2013,
  title =	 {P{\aa} insidan av tystnaden. En unders{\"o}kning},
  author =	 {Sandell, Sten},
  year =	 2013,
  publisher =	 {Konstn\"{a}arliga fakulteten, G\"{o}teborgs
                  Universitet},
  number =	 36,
  series =	 {ArtMonitor}
}

@Unpublished{endresen2018,
  author =	 {Endresen, Sidsel},
  title =	 {Improvising with humans and improvising with
                  machines: reflection text \#1},
  note =	 {Published on GI webpage},
  url =
                  {https://www.researchcatalogue.net/view/411228/432839},
  month =	 6,
  year =	 2018,
  annote =	 {Accessed on July 26, 2019}
}

@Misc{qvenild2019,
  author =	 {Qvenild, Morten},
  title =	 { Playing with Kim Auto - reflections on improvising
                  with KA},
  howpublished = {Online},
  month =	 1,
  year =	 2109,
  url =
                  {https://www.researchcatalogue.net/view/411228/557934},
  note =	 {Accessed on July 26, 2019}
}

@article{Lewitt1967,
  title =	 {Paragraphs on conceptual art},
  author =	 {LeWitt, Sol},
  journal =	 {Artforum},
  volume =	 5,
  number =	 10,
  pages =	 {79--83},
  year =	 1967,
  publisher =	 {AEIUO Rome},
  keywords =	 {Art practice, OS},
}

@book{lopes2009,
  title =	 {A Philosophy of Computer Art},
  author =	 {Lopes, D.},
  year =	 {2009},
  publisher =	 {Routledge, Oxon}
}

@article{Schneider2018,
  Author =	 {Schneider, Sascha and H\"{a}\ssler, Alexandra and
                  Habermeyer, Tanja and Beege, Maik and Rey, G\"{u}nter
                  Daniel},
  Journal =	 {Journal of Educational Psychology},
  Keywords =	 {anthropomorphism, aesthetics, learning with media,
                  cognitive load, prior knowledge, Aesthetics, Human
                  Channel Capacity, Instructional Media, Learning,
                  Anthropomorphism, Knowledge (General)},
  Number =	 1,
  Pages =	 {57 - 72},
  Title =	 {The more human, the higher the performance?
                  Examining the effects of anthropomorphism on
                  learning with media.},
  Volume =	 111,
  Year =	 2019,
}

@inproceedings{Schnell2002,
  title =	 {Introducing composed instruments, technical and
                  musicological implications},
  author =	 {Schnell, Norbert and Battier, Marc},
  booktitle =	 {Proceedings of the 2002 conference on New interfaces
                  for musical expression},
  pages =	 {156–60},
  year =	 2002,
  organization = {NIME, Dublin, Ireland}
}

@misc{pachet2012,
  title =	 {Musical Turing test with the Continuator on VPRO
                  Channel (Amsterdam)},
  url =		 {https://www.youtube.com/watch?v=ynPWOMzossI},
  journal =	 {YouTube},
  publisher =	 {Sony CSL},
  author =	 {Pachet, Fran\c{c}ois},
  year =	 {2012},
  month =	 {1},
  note = {Accessed on August 15, 2019}
}

@article{lanier96,
	Author = {Lanier, Jaron},
	Journal = {Wired},
	Month = 11,
	Number = 4,
	Title = {My Problem with Agents},
	Url = {http://www.wired.com/wired/archive/4.11/myprob.html},
	Urldate = {2009-12-06},
	Year = 1996,
	Bdsk-Url-1 = {http://www.wired.com/wired/archive/4.11/myprob.html}}

@book{lanier2018,
  title =	 {Ten Arguments for Deleting Your Social Media
                  Accounts Right Now},
  author =	 {Lanier, J.},
  year =	 {2018},
  publisher =	 {Henry Holt and Company}
}

@book{harris1999,
  year =	 1999,
  title =	 {Art and Innovation: The Xerox PARC
                  Artist-in-Residence Program},
  publisher =	 {The MIT Press, Cambridge MA},
  author =	 {Harris, Craig}}


@article{Pachet2003b,
  title =	 {Representing musical genre: A state of the art},
  author =	 {Aucouturier, Jean-Julien and Pachet, Fran\c{c}ois},
  journal =	 {Journal of New Music Research},
  volume =	 32,
  number =	 1,
  pages =	 {83--93},
  year =	 2003,
  publisher =	 {Taylor \& Francis}
}

@article{Turing1950,
  title =	 {Computing machinery and intelligence},
  author =	 {Turing, Alan},
  journal =	 {Mind},
  volume =	 59,
  number =	 236,
  pages =	 433,
  year =	 1950
}

@article{Pachet2003,
  Author =	 {Pachet, Fran\c{c}ois},
  Journal =	 {Journal of New Music Research},
  Number =	 3,
  Pages =	 {333 - 341},
  Title =	 {The Continuator: Musical Interaction With Style.},
  Volume =	 32,
  Year =	 2003,
}

@inproceedings{Hiraga2004,
  title =	 {Rencon 2004: Turing test for musical expression},
  author =	 {Hiraga, Rumi and Bresin, Roberto and Hirata, Keiji
                  and Katayose, Haruhiro},
  booktitle =	 {Proceedings of the 2004 conference on New interfaces
                  for musical expression},
  pages =	 {120--123},
  year =	 2004,
  organization = {Hamamatsu, Shizuoka, Japan, 120–3.}
}

@inproceedings{Roda2015,
  title =	 {Toward a musical Turing test for automatic music
                  performance},
  author =	 {Rod{\`a}, A and Schubert, E and De Poli, G and
                  Canazza, S},
  booktitle =	 {International symposium on computer music
                  multidisciplinary research},
  year =	 2015
}

@book{Patton2002,
  title =	 {Qualitative Research \& Evaluation Methods},
  author =	 {Patton, M.Q.},
  year =	 2002,
  publisher =	 {SAGE Publications}
}

@article{Cobussen2005,
  author =	 {Cobussen, M.},
  title =	 {Noise and ethics: On Evan Parker and Alain Badiou},
  journal =	 {Culture, Theory and Critique},
  volume =	 46,
  number =	 1,
  pages =	 {29-42},
  year =	 2005,
  publisher =	 {Routledge}
}

@article{Lippe2002,
  title =	 {Real-time interaction among composers, performers,
                  and computer systems},
  author =	 {Lippe, Cort},
  journal =	 {Information Processing Society of Japan SIG Notes},
  volume =	 {2002},
  number =	 {123},
  pages =	 {1--6},
  year =	 {2002}
}

@PhdThesis{Fiebrink2011,
  author =	 {Fiebrink, R.},
  title =	 {Real-time Human Interaction with Supervised Learning
                  Algorithms for Music Composition and Performance},
  school =	 {Princeton University},
  year =	 2011,
  key =		 {PhD thesis.}
}

@article{Blackwell2004,
  title =	 {Self-organised music},
  volume =	 9,
  number =	 2,
  journal =	 {Organised Sound},
  publisher =	 {Cambridge University Press},
  author =	 {Blackwell, T. and Young, M.},
  year =	 2004,
  pages =	 {123-136}
}

@article{Nowak2003,
  author =	 {Nowak, Kristine L. and Biocca, Frank},
  title =	 {The Effect of the Agency and Anthropomorphism on
                  Users' Sense of Telepresence, Copresence, and Social
                  Presence in Virtual Environments},
  journal =	 {Presence: Teleoperators and Virtual Environments},
  volume =	 12,
  number =	 5,
  pages =	 {481-494},
  year =	 2003,
  URL =		 { https://doi.org/10.1162/105474603322761289 },
}

@article{Young2009,
  number =	 09291,
  author =	 {Michael W. Young},
  series =	 {Dagstuhl Seminar Proceedings},
  booktitle =	 {Computational Creativity: An Interdisciplinary
                  Approach},
  title =	 {Creative Computers, Improvisation and Intimacy},
  address =	 {Dagstuhl, Germany},
  publisher =	 {Schloss Dagstuhl - Leibniz-Zentrum fuer Informatik,
                  Germany},
  year =	 2009,
  journal =	 {Dagstuhl Seminar Proceedings},
  pages =	 {1--7},
  keywords =	 {Computational creativity, improvisation, intimacy,
                  composition, live algorithm, neural network,
                  computer music, adaptation},
  url =		 {http://research.gold.ac.uk/4686/},
  note =	 {Accessed 20 July, 2019}
}

@article{Leman2015,
  title =	 {The role of embodiment in the perception of music},
  author =	 {Leman, Marc and Maes, Pieter-Jan},
  journal =	 {Empirical Musicology Review},
  volume =	 9,
  number =	 {3-4},
  pages =	 {236--246},
  year =	 2015
}

@Misc{grydeland2018,
  author =	 {Grydeland, I. and Qvenild, M},
  title =	 {Goodbye Intuition},
  howpublished = {Web resource},
  month =	 7,
  year =	 2019,
  note =
                  {\url{https://www.researchcatalogue.net/view/411228/424771}},
  annote =	 {Visited on July 10, 2019.}
}

@Misc{snow2018,
  author =	 {Snow, J.},
  title =	 {Amazon's Face Recognition Falsely Matched 28 Members of Congress With Mugshots},
  howpublished = {Web resource},
  month =	 7,
  year =	 2018,
  note =              {\url{https://www.aclu.org/blog/privacy-technology/surveillance-technologies/amazons-face-recognition-falsely-matched-28}},
  annote =	 {Visited on July 9, 2019}
}

@article{spiegel1988,
  author =	 {Belgum, E. and Roads, R and Chadabe, J. and
                   Tobenfeld, E. T. and Spiegel, L.},
  journal =	 {Computer Music Journal},
  number =	 4,
  pages =	 {7--9},
  publisher =	 {The MIT Press},
  title =	 {A Turing Test for "Musical Intelligence"?},
  volume =	 12,
  year =	 1988
}

@InProceedings{Cook2017,
  author = 	 {Cook, N.},
  title = 	 {Scripting Social Interaction: Improvisation, Performance and "Art" Music},
  crossref =  {born2017},
  pages = 	 {59-77}}

@book{born2017,
  title =	 {Improvisation and Social Aesthetics},
  author =	 {Born, G. and Lewis, E. and Straw, W.},
  series =	 {Improvisation, Community, and Social Practice},
  year =	 2017,
  publisher =	 {Duke University Press}
}

@PhdThesis{Nilsson2011,
  author = 	 {Nilsson, P-A},
  title = 	 {A Field of Possibilities: Designing and Playing Digital Musical Instruments},
  school = 	 {University of Gothenburg. Faculty of Fine, Applied and Performing Arts},
  year = 	 2011}

@book{benson03,
	Author = {Benson, Bruce Ellis},
	Indextitle = {Improvisation of Musical Dialogue, The},
	Publisher = {Cambridge Univ. Press},
	Shorttitle = {{The Improvisation of Musical Dialogue}},
	Title = {{The Improvisation of Musical Dialogue: A Phenomenology of Music}},
	Year = 2003}

@book{evens05,
	Author = {Evens, Aden},
	Indextitle = {Sound Ideas},
	Publisher = {University of Minnesota Press},
	Series = {Theory out of bounds},
	Shorttitle = {Sound Ideas},
	Title = {Sound Ideas : Music, Machines, and Experience},
	Volume = 27,
	Year = 2005}

@inproceedings{frisk-ost06,
	Author = {Frisk, H. and \"{O}stersj\"{o}, S.},
	Booktitle = {Proceedings of the International Computer Music Conference 2006},
	Indextitle = {Negotiating the Musical Work II},
	Organization = {ICMA},
	Pages = {242--9},
	Publisher = ICMA,
	Shorttitle = {Negotiating the Musical Work II},
	Title = {Negotiating the Musical Work. An empirical study},
	Year = 2006}

@inproceedings{frisk-ost06-2,
	Author = {Frisk, H. and \"{O}stersj\"{o}, S.},
	Booktitle = {Proceedings of EMS -06, Beijing. Terminology and Translation},
	Indextitle = {Negotiating the Musical Work I},
	Organization = EMS,
	Publisher = {EMS},
	Shorttitle = {Negotiating the Musical Work I},
	Title = {Negotiating the Musical Work. {A}n empirical study on the inter-relation between composition, interpretation and performance},
	Url = {http://www.ems-network.org/spip.php?article245},
	Urldate = {2009-11-29},
	Year = 2006,
	Bdsk-Url-1 = {http://www.ems-network.org/spip.php?article245}}

@phdthesis{frisk08phd,
	Author = {Frisk, H.},
	Issn = {1653-8617},
	Publisher = {Lund University Press},
	School = {Malm{\"o} Faculty of Fine and Performing Arts, Lund University},
	Title = {{Improvisation, Computers, and Interaction: Rethinking Human-Computer Interaction Through Music}},
	Year = 2008}

@incollection{frisk12-improv,
	Author = {Frisk, Henrik},
	Booktitle = {Soundweaving: Writings on Improvisation},
	Editor = {Schroeder, F. and \'{O} hAodha, M.},
	Publisher = {Cambridge Scholars Publishing},
	Title = {Improvisation and the self: to listen to the other},
	Year = 2014}

@incollection{heidegger93,
	Author = {Heidegger, Martin},
	Booktitle = {{Basic Writings}},
	Edition = 2,
	Editor = {Krell, Deavid F.},
	Indextitle = {Question Concerning Technology, The},
	Note = {Translation by D. F. Krell},
	Pages = {311--41},
	Publisher = {Harper San Francisco},
	Title = {{The Question Concerning Technology}},
	Year = {1954}}

@incollection{monson98,
	Author = {Monson, Ingrid},
	Booktitle = {In the Course of Performance: Studies in the World of Musical Improvisation},
	Chapter = 7,
	Editor = {Nettl, Bruno and Russel, Melinda},
	Publisher = {University of Chicago Press},
	Title = {Oh Freedom: George Russel, John Coltrane, and Modal Jazz},
	Year = 1998}

@book{nancy2007,
	Author = {Nancy, J.L. and Mandell, C.},
	Publisher = {Fordham University Press},
	Series = {Fordham University Press Series},
	Title = {Listening},
	Year = {2007}}