@inproceedings{Bullock:00,
	Author = {Bullock, J. and Frisk, H.},
	Title = { An Object Oriented Model for the Representation of Temporal Data in the Integra Framework},
	Booktitle = {Proceedings of the International Computer Music Conference}, 
	Address = {Quebec, Canada}, 
	Pages = {},
	Year = {2009}}

@inproceedings{Bullock:01,
	Author = {Bullock, J. and Coccioli, L.},
	Title = {Towards a humane graphical user interface for live electronic music},
	Booktitle = {Proceedings of the NIME Conference}, 
	Address = {Pittsburgh, USA}, 
	Year = {2009}}
	
@inproceedings{Bullock:02,
	Author = {Bullock, J. and Coccioli, L. and Frisk, H.},
	Title = {Sustainability of live electronics music in the Integra project},
	Booktitle = {Proceedings of the IEEE Melecon Conference}, 
	Address = {Corsica}, 
	Year = {2008}}
	
@inproceedings{Bullock:03,
	Author = {Bullock, J. and Coccioli, L. and Frisk, H.},
	Title = {LibIntegra: A System for Software-Independent Multimedia Module Description and Storage},
	Booktitle = {Proceedings of the International Computer Music Conference}, 
	Address = {Copenhagen, Denmark}, 
	Year = {2007}}
		
@inproceedings{Place:00,
	Author = {Place, T. and Lossius, T. and Peters, N.},
	Title = {The Jamoma Audio Graph Layer},
	Booktitle = {Proceedings of The 13th International Conference on Digital Audio Effects}, 
	Address = {Graz, Austria}, 
	Year = {2010}}
	
@inproceedings{Place:01,
	Author = {Place, T. and Lossius, T. and Peters, N.},
	Title = {A flexible and dynamic c++ framework and library for digital audio signal processing},
	Booktitle = {Proceedings of the International Computer Music Conference}, 
	Address = {New York, USA}, 
	Year = {2010}}

@inproceedings{Place:02,
	Author = {Place, T. and Lossius, T.},
	Title = {Jamoma: A modular standard for structuring patches in Max},
	Booktitle = {Proceedings of the International Computer Music Conference}, 
	Address = {New Orleans, USA}, 
	Year = {2006}}
	
@article{Amatriain:00,
	Author = {Amatriain, X.},
	Title = {A domain-specific metamodel for multi- media processing systems},
	Journal = { IEEE Transactions on Multimedia}, 
	Pages = {1284Ð1298},
	Volume = {9},
	Number = {6},
	Year = {2007}}
