@PhdThesis{Cyrino2019,
  author =	 {Cyrino, M. P.},
  title =	 {An Exlicable Hunger: flutist)body(flute
                  (dis)encounters},
  school =	 {Högskolan för Scen och Musik, Göteborgs Universitet},
  year =	 2019,
  note =	 {Disputation 3 april, 2019}
}



@article{Waterman1994,
  author =	 {Waterman, E.},
  title =	 {Cassandra's Dream Song: a Literary Feminist
                  Perspective},
  journal =	 {Perspectives of New Music},
  volume =	 32,
  number =	 2,
  pages =	 154,
  year =	 1994,
  DATE_ADDED =	 {Sun Nov 1 21:26:42 2020},
}

@article{groth2016,
  author =	 {Krogh Groth, Sanne},
  title =	 {Composers on Stage: Ambiguous Authorship in
                  Contemporary Music Performance},
  journal =	 {Contemporary Music Review},
  volume =	 35,
  number =	 6,
  pages =	 {686-705},
  year =	 2016,
  DATE_ADDED =	 {Sat Nov 7 12:50:35 2020},
}

@Article{petersson2020,
  author =	 {Petersson, F. J.},
  title =	 {Akademismen måste dö så att konsten kan leva},
  journal =	 {Kunstkritikk},
  year =	 2020,
  note =	 {Tillgänglig på http://kunstkritikk.se [Besökt 3 november 2020]},
  url = 	 {}
}
