@phdthesis{Balkir2018,
  author =	 {Balkir, Elif},
  institution =	 {Stockholm University, Department of Culture and
                  Aesthetics},
  institution =	 {Sorbonne Université},
  note =	 {Joint PhD supervision between Sorbonne
                  Universit\'{e}, \'{E}cole Doctorale V / Concepts et
                  Langages, Institut de Recherche en Musicologie (UMR
                  8223) and Stockholm University, Department of
                  Culture and Aesthetics},
  pages =	 352,
  publisher =	 {Department of Culture and Aesthetics, Stockholm
                  University},
  school =	 {Stockholm University, Department of Culture and
                  Aesthetics},
  school =	 {Sorbonne Université},
  title =	 {{\'E}Etude comparative dex approches créatrices et
                  technologiques au Group de Recherce Musicales {\`a}
                  Paris et l'Elektroonmusikstudion {\`a} Stockholm
                  1965-1980 : Deux directions artistique différente
                  {\`a} partir d'une idée commune},
  series =	 {Studier i musikvetenskap},
  ISSN =	 {1103-6362},
  number =	 24,
  ISBN =	 {978-91-7797-361-4},
  year =	 2018
}x

@phdthesis{frisk08phd,
	Author = {Frisk, H.},
	Issn = {1653-8617},
	Publisher = {Lund University Press},
	School = {Malm{\"o} Faculty of Fine and Performing Arts, Lund University},
	Title = {{Improvisation, Computers, and Interaction: Rethinking Human-Computer Interaction Through Music}},
	Year = 2008
}

@book{schaeffer77,
	Author = {Schaeffer, Pierre},
	Publisher = {\'Editions du Seuil},
	Title = {Trait\'e des objets musicaux:essai interdisciplines},
	Year = 1977
}

@article{groth2016,
  author =	 {Krogh Groth, Sanne},
  title =	 {Composers on Stage: Ambiguous Authorship in
                  Contemporary Music Performance},
  journal =	 {Contemporary Music Review},
  volume =	 35,
  number =	 6,
  pages =	 {686-705},
  year =	 2016,
  doi =		 {10.1080/07494467.2016.1282650},
  url =		 {https://doi.org/10.1080/07494467.2016.1282650},
  DATE_ADDED =	 {Sat Nov 7 12:50:35 2020},
}

@book{wiggen1972,
  title =	 {De två musikkulturerna},
  author =	 {Wiggen, Knut},
  year =	 {1972},
  publisher =	 {Sveriges Radio}
}

@inproceedings{skold2019,
  title =	 {Visual Representation of Musical Rhythm in Relation
                  to Music Technology Interfaces-an Overview},
  author =	 {Sköld, Mattias},
  booktitle =	 {14th International Symposium on Computer Music
                  Multidisciplinary Research},
  pages =	 {725},
  year =	 {2019}
}
