@article{Cuervo2011,
author = {Cuervo, Adriana P.},
file = {:home/albert/Documents/articles/lib/digitalization/Cuervo2012.pdf:pdf},
journal = {Notes.},
number = {1},
pages = {33--47},
title = {{Preserving the Electroacoustic Music Legacy: A Case Study of the Sal-Mar Construction at the University of Illinois}},
volume = {68},
year = {2011}
}
@techreport{Roeder2006,
author = {Roeder, John},
booktitle = {Unpublished report},
file = {:home/albert/Documents/articles/lib/digitalization/MUSTICA-Roeder2006.pdf:pdf},
title = {{Authenticity of digital music : key insights from interviews in the MUSTICA project}},
year = {2006}
}
@inproceedings{Bachimont:03,
author = {Bachimont, B and Blanchette, J.-F. and Gerzso, A and Swetland, A and Lescurieux, O and Morizet-Mahoudeaux, P and Donin, N and Teasley, J},
booktitle = {Proceedings. Third International Conference on Web Delivering of Music.Web Delivering of Music},
organization = {WEDELMUSIC},
title = {{Preserving interactive digital music: a report on the MUSTICA research initiative}},
year = {2003}
}
@techreport{Douglas2007,
author = {Douglas, Jennifer},
file = {:home/albert/Documents/articles/lib/digitalization/MUSTICA-Douglas2007.pdf:pdf},
title = {{General Study 03 Final Report : Preserving Interactive Digital Music â€“ The MUSTICA Initiative}},
year = {2007}
}
