@STRING{EMS = {Electroacoustic Music Studies}}



@TechReport{compoz16,
  author = 	 {M., Bunnskog},
  title = 	 {Compoz},
  institution =  {Audiorama},
  year = 	 2016}

@Book{adorno76,
  author =	 {Adorno, T.},
  title =	 {Introduction to the sociology of music.},
  publisher =	 {The seabury press, New York},
  year =	 1976}

@book{baudrillard96,
	author = {Baudrillard, J.},
	title = {The Perfect Crime},
	indextitle = {Perfect Crime, The},
	publisher = {Verso, London, UK},
	translator = {Turner, Chris},
	year = 1996
}

@inproceedings{frisk-ost06-2,
	author = {Frisk, Henrik and \"{O}stersj\"{o}, Stefan},
	title = {Negotiating the Musical Work. {A}n empirical study
                  on the inter-relation between composition,
                  interpretation and performance},
	booktitle = {Proceedings of EMS -06, Beijing. Terminology and
                  Translation},
	indextitle = {Negotiating the Musical Work I},
	shorttitle = {Negotiating the Musical Work I},
	year = 2006,
	url = {http://www.ems-network.org/spip.php?article245},
	urldate = {2009-11-29},
	organization = EMS,
	publisher = {EMS}
}

@article{vaggione01,
	title = {Some Ontological Remarks about Music Composition
                  Processes},
	author = {Vaggione, Horacio},
	journal = {Computer Music Journal},
	volume = {25},
	number = {1},
	pages = {54--61},
	year = {2001}
}