@inproceedings{frisk-ost06,
author = {Frisk, Henrik and {\"{O}}stersj{\"{o}}, Stefan},
booktitle = {Proceedings of the International Computer Music Conference 2006},
organization = {ICMA},
pages = {242--249},
publisher = {San Francisco, Calif.: Computer Music Assoc.},
shorttitle = {Negotiating the Musical Work II},
title = {{Negotiating the Musical Work. An empirical study}},
year = {2006}
}
@inproceedings{Bachimont:03,
author = {Bachimont, B and Blanchette, J.-F. and Gerzso, A and Swetland, A and Lescurieux, O and Morizet-Mahoudeaux, P and Donin, N and Teasley, J},
booktitle = {Proceedings. Third International Conference on Web Delivering of Music.Web Delivering of Music},
organization = {WEDELMUSIC},
title = {{Preserving interactive digital music: a report on the MUSTICA research initiative}},
year = {2003}
}
@inproceedings{frisk-ost06-2,
author = {Frisk, Henrik and {\"{O}}stersj{\"{o}}, Stefan},
booktitle = {Proceedings of EMS -06, Beijing. Terminology and Translation},
organization = {Electroacoustic Music Studies},
publisher = {EMS},
shorttitle = {Negotiating the Musical Work I},
title = {{Negotiating the Musical Work. {\{}A{\}}n empirical study on the inter-relation between composition, interpretation and performance}},
url = {http://www.ems-network.org/spip.php?article245},
year = {2006}
}
@article{frisk-ost13,
author = {Frisk, Henrik and {\"{O}}stersj{\"{o}}, Stefan},
journal = {STM},
pages = {1--17},
title = {{Beyond Validity: claiming the legacy of the artist-researcher}},
volume = {2013},
year = {2013}
}
@phdthesis{frisk08,
author = {Frisk, Henrik},
issn = {1653-8617},
publisher = {Lund University Press},
school = {Malm{\{}{\"{o}}{\}} Faculty of Fine and Performing Arts, Lund University},
title = {{Improvisation, Computers, and Interaction: Rethinking Human-Computer Interaction Through Music}},
year = {2008}
}
@inproceedings{frisk-bullock08,
address = {Ajaccio, Corsica},
author = {Bullock, Jamie and Frisk, Henrik and Coccioli, Lamberto},
booktitle = {The 14th IEEE Mediterranean Electrotechnical Conference Proceedings},
organization = {IEEE},
title = {{Sustainability of `Live Electronic' Music in the Integra Project}},
year = {2008}
}
@book{eco68,
annote = {English translation published in 1989.},
author = {Eco, Umberto},
publisher = {Hutchinson Radius},
title = {{The Open Work}},
year = {1968}
}
@inproceedings{frisk-bull07,
address = {Copenhagen, Denmark},
author = {Bullock, Jamie and Frisk, Henrik},
booktitle = {Proceedings of the International Computer Music Conference 2007},
organization = {ICMA},
title = {{libIntegra: A System for Software-Independent Multimedia Module Description and Storage}},
year = {2007}
}
@inproceedings{frisk09,
author = {Bullock, Jamie and Frisk, Henrik},
booktitle = {ICMC},
publisher = {ICMA},
title = {{An object oriented model for the representation of temporal data in the Integra framework.}},
year = {2009}
}
@article{bullock06,
author = {Bullock, Jamie and Coccioli, Lamberto},
journal = {Organised Sound},
number = {3},
publisher = {Cambridge University Press},
title = {{Modernising musical works involving Yamaha DX-based synthesis: a case study}},
volume = {11},
year = {2006}
}
@inproceedings{frisK-bull11,
	author = {Bullock, Jamie and Frisk, Henrik},
	title = "{The Integra Framework for Rapid Modular Audio Application
                  Development}",
	booktitle = {Proceedings of the International Computer Music
                  Conference 2011},
	address = {Huddersfield, GB},
	year = 2011,
	organization = {ICMA}
}