@article{Goffey2015,
  Author =	 {Goffey, Andrew},
  Journal =	 {Paragraph},
  Number =	 2,
  Pages =	 {231 - 244},
  Title =	 {Guattari, Transversality and the Experimental
                  Semiotics of Untranslatability.},
  Volume =	 38,
  Year =	 2015,
}

@book{peters09,
	Author = {Peters, Gary},
	Publisher = {University Of Chicago Press},
	Title = {{The Philosophy of Improvisation}},
	Year = {2009}}

@TechReport{Dunin2007,
  author =	 {Dunin-Woyseth, Halina and Karlsson, Henrik and
                  Langkilde, Kirsten and Paavolainen, Pentti},
  title =	 {KONTEXT, KVALITET, KONTINUITET: Utvärdering av
                  Vetenskapsrådets anslag till konstnärlig forskning
                  och utveckling 2001-2005 },
  institution =	 {Vetenskapsrådet},
  year =	 2007
}

@article{Lesage2009,
  title =	 {Who’s Afraid of Artistic Research? On measuring
                  artistic research output},
  author =	 {Lesage, D.},
  journal =	 {Art \& Research},
  volume =	 2,
  number =	 2,
  pages =	 {1--10},
  year =	 2009
}

@phdthesis{Hedelin2017,
  author =	 {Hedelin, Fredrik},
  institution =	 {Lule\aa University of Technology, Music and dance},
  pages =	 202,
  school =	 {Lule\aa University of Technology, Music and dance},
  title =	 {Levande musik : Ritornellen och musikens skapande},
  series =	 {Doctoral thesis / Lule\aa University of Technology},
  year =	 2017
}

@book{deAssis2017,
  title =	 {The Dark Precursor: Deleuze and Artistic Research},
  author =	 {de Assis, P. and Giudic, P.},
  series =	 {Orpheus Institute Series},
  year =	 2017,
  publisher =	 {Leuven University Press}
}

@Misc{hultqvist2019,
  author = 	 {Hultqvist, A.},
  title = 	 {Komposition vid det konceptuellas gr\"{a}nser. En krympande tomhet - mening, kaos och entropi},
  howpublished = {web},
  month = 	 01,
  year = 	 2018,
  note = 	 {Visited on Dec. 27, 2019}}

@PhdThesis{Stjerna2018,
  author =	 {Stjerna, \AA.},
  title =	 {Before Sound: Transversal Processes in Site-Specific
                  Sonic Practice},
  school =	 {University of Gothenburg. Faculty of Fine, Applied
                  and Performing Arts},
  year =	 2018,
  series =	 {ArtMonitor},
  number =	 69
}

@InCollection{frisk2017e,
  author =	 {Frisk, H. and Elberling, A.},
  editor =	 {P. Guidici and P. de Assis},
  booktitle =	 {Aberrant nuptials: Deleuze and Artistic Research 2},
  title =	 {Machinic propositions: artistic practice and
                  deterritorialization},
  publisher =	 {Leuven University Press, Leuven},
  series =	 {Orpheus Institute Series},
  year =	 2019
}

@article{frisk2016b,
  Author =	 {Frisk, H.},
  Journal =	 {Seismograf},
  Month =	 5,
  Note =
                  {http://seismograf.org/fokus/composer-performer},
  Title =	 {Hell is full of musical amateurs, but so is heaven},
  Year =	 2017
}

@incollection{frisk2015,
	Author = {Frisk, H.},
	Booktitle = {Acts of Creation: Thoughts on artistic research supervision},
	Editor = {H. Frisk and K. Johansson and {\AA}. Lindberg-Sand},
	Publisher = {Symposion},
	Title = {Thinking in Practice},
	Year = 2015}

@incollection{bateson72,
	Author = {Bateson, Gregory},
	Crossref = {bateson72:steps},
	Pages = {128--52},
	Title = {Style, Grace, and Information in Primitive Art},
	Year = 1972}

@book{bateson72:steps,
	Author = {Bateson, Gregory},
	Booktitle = {Steps to an Ecology of Mind},
	Edition = {2},
	Key = {bateson72:steps},
	Publisher = {University of Chicago Press},
	Title = {Steps to an Ecology of Mind},
	Year = 1972}

@book{deleuze1994,
	Author = {Deleuze, G. and Guattari, F.},
	Publisher = {Verso},
	Title = {What is Philosophy?},
	Year = {1994}}

@book{deleuze80,
	Author = {Deleuze, Gilles and Guattari, F\'{e}lix},
	Publisher = {University of Minnesota},
	Title = {A thousand plateaus - Capitalism and schizophrenia},
	Year = {1980}}