@Misc{macchiarini2019,
  author = 	 {Huss, M.S.},
  title = 	 {The Macchiarini case: Timeline},
  howpublished = {www},
  month = 	 1,
  year = 	 2020,
  note = 	 {Besökt 20200120.}}

@Unpublished{frisk2018:irl,
  author =	 {Frisk, H. and Österjö, S.},
  title =	 {IRL - Interface Research Lab},
  note =	 {Programförklaring för seminariesamarbete mellan LTU
                  och KMH.},
  month =	 {November},
  year =	 2018
}

@article{Jackson1982,
  Author =	 {Jackson, F.},
  Journal =	 {The Philosophical Quarterly (1950-)},
  Keywords =	 {Qualia, Physicalism, Epiphenomenalism, Evolution,
                  Colors, Intuition, Tomatoes, Modal realism, Pain,
                  Moving images},
  Number =	 127,
  Pages =	 {127-136},
  Title =	 {Epiphenomenal Qualia.},
  Volume =	 32,
  Year =	 1982,
}

@article{Lyle2003,
  Author =	 {John, L.},
  Journal =	 {British Educational Research Journal},
  Keywords =	 {Physical education, Coaching, Educational research,
                  Research design, Cognitive processes, Decision
                  making, Research methods, Reasoning, Cognition,
                  Teachers},
  Number =	 6,
  Pages =	 861,
  Title =	 {Stimulated Recall: A Report on Its Use in
                  Naturalistic Research.},
  Volume =	 29,
  Year =	 2003,
}

@article{Goffey2015,
  Author =	 {Goffey, A.},
  Journal =	 {Paragraph},
  Number =	 2,
  Pages =	 {231 - 244},
  Title =	 {Guattari, Transversality and the Experimental
                  Semiotics of Untranslatability.},
  Volume =	 38,
  Year =	 2015,
}

@phdthesis{Hedelin2017,
  author =	 {Hedelin, F.},
  institution =	 {Luleå University of Technology, Music and dance},
  pages =	 202,
  school =	 {Luleå University of Technology, Music and dance},
  title =	 {Levande musik : Ritornellen och musikens skapande},
  series =	 {Doctoral thesis / Luleå University of Technology},
  year =	 2017
}

@book{deAssis2017,
  title =	 {The Dark Precursor: Deleuze and Artistic Research},
  author =	 {de Assis, P. and Giudic, P.},
  series =	 {Orpheus Institute Series},
  year =	 2017,
  publisher =	 {Leuven University Press}
}

@Misc{hultqvist2019,
  author = 	 {Hultqvist, A.},
  title = 	 {Komposition vid det konceptuellas gränser. En krympande tomhet - mening, kaos och entropi},
  howpublished = {web},
  month = 	 01,
  year = 	 2018,
  note = 	 {Visited on Dec. 27, 2019}}

@TechReport{Dunin2007,
  author =	 {Dunin-Woyseth, H. and Karlsson, H. and
                  Langkilde, K. and Paavolainen, P.},
  title =	 {KONTEXT, KVALITET, KONTINUITET: Utvärdering av
                  Vetenskapsrådets anslag till konstnärlig forskning
                  och utveckling 2001-2005 },
  institution =	 {Vetenskapsrådet},
  year =	 2007
}

@article{konig2018,
  title =	 {Musikforskaren: Bilden av det svenska musikundret
                  kan \"{a}ndras},
  url =
                  {https://www.svt.se/kultur/musik/spotify-ska-borsnoteras},
  journal =	 {SVT Nyheter},
  publisher =	 {SVT},
  author =	 {K\"{o}nig, Nina},
  year =	 2018,
  month =	 {Mar}
}

@article{Eisner2008,
  title =	 {Art and knowledge},
  author =	 {Eisner, E.},
  journal =	 {Handbook of the arts in qualitative research},
  pages =	 {3--12},
  year =	 2008
}

@PhdThesis{Stjerna2018,
  author =	 {Stjerna, {\AA}.},
  title =	 {Before Sound: Transversal Processes in Site-Specific
                  Sonic Practice},
  school =	 {University of Gothenburg. Faculty of Fine, Applied
                  and Performing Arts},
  year =	 2018,
  series =	 {ArtMonitor},
  number =	 69
}

@Article{frisk2019,
  title =	 {Performance values-an artistic research perspective
                  on music performance anxiety in classical music},
  author =	 {Skoogh, F. and Frisk, H.},
  journal =	 {Journal for Research in Arts and Sports Education},
  volume =	 {3},
  number =	 {1},
  year =	 {2019}
}

@InCollection{frisk2017e,
  author =	 {Frisk, H. and Elberling, A.},
  editor =	 {P. Guidici and P. de Assis},
  booktitle =	 {Aberrant nuptials: Deleuze and Artistic Research 2},
  title =	 {Machinic propositions: artistic practice and
                  deterritorialization},
  publisher =	 {Leuven University Press, Leuven},
  series =	 {Orpheus Institute Series},
  year =	 2019
}

@article{frisk2016b,
  Author =	 {Frisk, H.},
  Journal =	 {Seismograf},
  Month =	 5,
  Note =
                  {http://seismograf.org/fokus/composer-performer},
  Title =	 {Hell is full of musical amateurs, but so is heaven},
  Year =	 2017
}

@incollection{frisk2015,
	Author = {Frisk, H.},
	Booktitle = {Acts of Creation: Thoughts on artistic research supervision},
	Editor = {H. Frisk and K. Johansson and {\AA}. Lindberg-Sand},
	Publisher = {Symposion},
	Title = {Thinking in Practice},
	Year = 2015}

@incollection{bateson72,
	Author = {Bateson, G.},
	Crossref = {bateson72:steps},
	Pages = {128--52},
	Title = {Style, Grace, and Information in Primitive Art},
	Year = 1972}

@book{bateson72:steps,
	Author = {Bateson, G.},
	Booktitle = {Steps to an Ecology of Mind},
	Edition = {2},
	Key = {bateson72:steps},
	Publisher = {University of Chicago Press},
	Title = {Steps to an Ecology of Mind},
	Year = 1972}

@misc{coleman66,
	Author = {Coleman, O.},
	Howpublished = LP,
	Note = {Blue Note 4246},
	Title = {The Empty Foxhole},
	Year = 1966}

@book{deleuze1994,
	Author = {Deleuze, G. and Guattari, F.},
	Publisher = {Verso},
	Title = {What is Philosophy?},
	Year = {1994}}

@book{deleuze80,
	Author = {Deleuze, G. and Guattari, F.},
	Publisher = {University of Minnesota},
	Title = {A thousand plateaus - Capitalism and schizophrenia},
	Year = {1980}}

@article{frisk-cobussen09,
	Author = {Cobussen, M. and Frisk, H. and Weijland, B.},
	Journal = {Konturen},
	Title = {The Field of Musical Improvisation},
	Volume = 2,
	Year = 2009}

@inproceedings{frisk-ost06,
	Author = {Frisk, H. and \"{O}stersj\"{o}, S.},
	Booktitle = {Proceedings of the International Computer Music Conference 2006},
	Indextitle = {Negotiating the Musical Work II},
	Organization = {ICMA},
	Pages = {242--9},
	Publisher = ICMA,
	Shorttitle = {Negotiating the Musical Work II},
	Title = {Negotiating the Musical Work. An empirical study},
	Year = 2006}

@inproceedings{frisk-ost06-2,
	Author = {Frisk, H. and \"{O}stersj\"{o}, S.},
	Booktitle = {Proceedings of EMS -06, Beijing. Terminology and Translation},
	Indextitle = {Negotiating the Musical Work I},
	Organization = EMS,
	Publisher = {EMS},
	Shorttitle = {Negotiating the Musical Work I},
	Title = {Negotiating the Musical Work. {A}n empirical study on the inter-relation between composition, interpretation and performance},
	Url = {http://www.ems-network.org/spip.php?article245},
	Urldate = {2009-11-29},
	Year = 2006,
	Bdsk-Url-1 = {http://www.ems-network.org/spip.php?article245}}

@article{frisk-ost13,
  Author =	 {Frisk, H. and \"{O}stersj\"{o}, S.},
  Journal =	 {Swedish Journal of Music Research},
  Pages =	 {41-63},
  Title =	 {Beyond Validity: claiming the legacy of the
                  artist-researcher},
  Volume =	 2013,
  Year =	 2013
}

@phdthesis{frisk08phd,
	Author = {Frisk, H.},
	Issn = {1653-8617},
	Publisher = {Lund University Press},
	School = {Malm{\"o} Faculty of Fine and Performing Arts, Lund University},
	Title = {{Improvisation, Computers, and Interaction: Rethinking Human-Computer Interaction Through Music}},
	Year = 2008}

@book{litzweiler92,
	Author = {Litzweiler, J.},
	Edition = {US},
	Publisher = {Morrow Inc., New York},
	Title = {Ornette Coleman: A Harmolodic Life},
	Year = 1992}

@book{borgdorff2012,
	Author = {Borgdorff, H.},
	Publisher = {Leiden : Leiden University Press, 2012},
	Title = {The conflict of the faculties : perspectives on artistic research and academia},
	Year = {2012}}

@book{tomkins65,
	Author = {Tomkins, C.},
	Indextitle = {Bride and the Bachelors, The},
	Publisher = {Viking Press, New York},
	Title = {The Bride and the Bachelors},
	Year = 1965}