@article{kamoche2008improvisation,
  title =	 {Improvisation and knowledge: the challenge of
                  appropriation},
  author =	 {Kamoche, Ken and Pina E. Cunha, Miguel},
  journal =	 {Management Research: Journal of the Iberoamerican
                  Academy of Management},
  volume =	 {6},
  number =	 {2},
  pages =	 {93--106},
  year =	 {2008},
  publisher =	 {Emerald Group Publishing Limited},
  note =	 {ethical and cultural}
}

@article{vera2016knowledge,
  title =	 {Knowledge-based and contextual factors associated
                  with R\&D teams’ improvisation capability},
  author =	 {Vera, Dusya and Nemanich, Louise and
                  V{\'e}lez-Castrill{\'o}n, Susana and Werner, Steve},
  journal =	 {Journal of Management},
  volume =	 {42},
  number =	 {7},
  pages =	 {1874--1903},
  year =	 {2016},
  note =	 {Organizational},
  publisher =	 {Sage Publications Sage CA: Los Angeles, CA}
}

@article{holdhus2016improvisation,
  title={Improvisation in teaching and education—roots and applications},
  author={Holdhus, Kari and H{\o}is{\ae}ter, Sissel and M{\ae}land, Kjellfrid and Vangsnes, Vigdis and Engelsen, Knut Steinar and Espeland, Magne and Espeland, {\AA}smund},
  journal={Cogent Education},
  volume={3},
  number={1},
  pages={1204142},
  year={2016},
  note = 	 {Pedagogy},
  publisher={Taylor \& Francis}
}

@article{nooshin2003improvisation,
  title={Improvisation as ‘Other’: Creativity, knowledge and power--the case of Iranian classical music},
  author={Nooshin, Laudan},
  journal={Journal of the Royal Musical Association},
  volume={128},
  number={2},
  pages={242--296},
  year={2003},
  publisher={Cambridge University Press},
  note = 	 {Ethical}
}
